<?xml version="1.0" encoding="UTF-8"?><record xmlns="http://www.loc.gov/MARC21/slim" xmlns:cinclude="http://apache.org/cocoon/include/1.0" xmlns:zs="http://www.loc.gov/zing/srw/">
  <leader>01008cz  a2200181n  4500</leader>
  <controlfield tag="001">n  82042607 </controlfield>
  <controlfield tag="003">DLC</controlfield>
  <controlfield tag="005">20050309052727.0</controlfield>
  <controlfield tag="008">820330n| acannaabn          |a ana      </controlfield>
  <datafield tag="010" ind1=" " ind2=" ">
    <subfield code="a">n  82042607 </subfield>
  </datafield>
  <datafield tag="035" ind1=" " ind2=" ">
    <subfield code="a">(OCoLC)oca00739613</subfield>
  </datafield>
  <datafield tag="040" ind1=" " ind2=" ">
    <subfield code="a">DLC</subfield>
    <subfield code="c">DLC</subfield>
    <subfield code="d">MnHi</subfield>
  </datafield>
  <datafield tag="110" ind1="2" ind2=" ">
    <subfield code="a">Renville County Historical Society (Renville County, Minn.)</subfield>
  </datafield>
  <datafield tag="410" ind1="2" ind2=" ">
    <subfield code="a">Renville County Historical Society &amp; Museum (Renville County, Minn.)</subfield>
  </datafield>
  <datafield tag="670" ind1=" " ind2=" ">
    <subfield code="a">Renville County history book, 1980, c1981 (a.e.)</subfield>
    <subfield code="b">t.p. (Renville County Historical Society; Renville County, Minnesota)</subfield>
  </datafield>
  <datafield tag="670" ind1=" " ind2=" ">
    <subfield code="a">Suland sentinel, Sept. 2004:</subfield>
    <subfield code="b">t.p. (Renville County Historical Society) p. 12 (Renville County Historical Society &amp; Museum; Morton, MN)</subfield>
  </datafield>
  <datafield tag="670" ind1=" " ind2=" ">
    <subfield code="a">Historical groups, clubs &amp; secret organizations of Renville County, 2004:</subfield>
    <subfield code="b">t.p. (Renville County Historical Society &amp; Museum)</subfield>
  </datafield>
  <datafield tag="670" ind1=" " ind2=" ">
    <subfield code="a">Email to society, Oct. 12, 2004:</subfield>
    <subfield code="b">(official legal name is Renville County Historical Society; they add '&amp; Museum' when publishing their books and pamphlets)</subfield>
  </datafield>
</record>